
<marc:record><marc:leader>01401nam a 200241Ia 45  </marc:leader>
<marc:controlfield tag="005">20200730112600.0</marc:controlfield>
<marc:controlfield tag="008">010716s2001    bl            000 0 por d</marc:controlfield><marc:datafield tag="020" ind1=" " ind2=" "><marc:subfield code="a">8570280181</marc:subfield></marc:datafield><marc:datafield tag="040" ind1=" " ind2=" "><marc:subfield code="a">USP/SIBI</marc:subfield></marc:datafield><marc:datafield tag="041" ind1="0" ind2=" "><marc:subfield code="a">por</marc:subfield></marc:datafield><marc:datafield tag="044" ind1=" " ind2=" "><marc:subfield code="a">bl</marc:subfield></marc:datafield><marc:datafield tag="100" ind1="1" ind2=" "><marc:subfield code="a">Schwartzman, Simon</marc:subfield><marc:subfield code="d">1939-</marc:subfield></marc:datafield><marc:datafield tag="245" ind1="1" ind2="0"><marc:subfield code="a">Um espaço para a ciência</marc:subfield><marc:subfield code="b">a formação da comunidade científica no Brasil</marc:subfield><marc:subfield code="c">Simon Schwartzman ; tradução Sérgio Bath e Oswaldo Biato</marc:subfield></marc:datafield><marc:datafield tag="260" ind1=" " ind2=" "><marc:subfield code="a">Brasília</marc:subfield><marc:subfield code="b">Ministério da Ciência e Tecnologia Centro de Estudos Estratégicos</marc:subfield><marc:subfield code="b">Conselho Nacional de Desenvolvimento Científico e Tecnológico</marc:subfield><marc:subfield code="b">Centro de Estudos Estratégicos</marc:subfield><marc:subfield code="c">2001</marc:subfield></marc:datafield><marc:datafield tag="300" ind1=" " ind2=" "><marc:subfield code="a">357 p.</marc:subfield><marc:subfield code="c">21 cm</marc:subfield></marc:datafield><marc:datafield tag="490" ind1="0" ind2=" "><marc:subfield code="a">Brasil, ciência &amp; tecnoloiga</marc:subfield><marc:subfield code="v">1</marc:subfield></marc:datafield><marc:datafield tag="500" ind1=" " ind2=" "><marc:subfield code="a">Título original: The development of the scientific community in Brazil</marc:subfield></marc:datafield><marc:datafield tag="505" ind1="0" ind2=" "><marc:subfield code="a">Um espaço para a ciência -- A herança do século XVIII -- A ciência no Império -- Auge e declínio da Ciência Aplicada -- A revolução de 1930 e as novas universidades -- As raízes das tradições científicas -- A profissionalização da ciência - A modernização do pos-guerra -- O grande salto à frente -- Anexo: Lista de cientistas entrevistados para o projeto da Finep sobre a história social da ciência no Brasil</marc:subfield></marc:datafield><marc:datafield tag="650" ind1=" " ind2="7"><marc:subfield code="a">CIÊNCIA</marc:subfield><marc:subfield code="x">HISTÓRIA</marc:subfield><marc:subfield code="z">BRASIL</marc:subfield><marc:subfield code="2">larpcal</marc:subfield></marc:datafield><marc:datafield tag="650" ind1=" " ind2="7"><marc:subfield code="a">TECNOLOGIA</marc:subfield><marc:subfield code="2">larpcal</marc:subfield></marc:datafield><marc:datafield tag="700" ind1="1" ind2=" "><marc:subfield code="a">Bath, Sérgio</marc:subfield><marc:subfield code="4">trad</marc:subfield></marc:datafield><marc:datafield tag="700" ind1="1" ind2=" "><marc:subfield code="a">Biato, Oswaldo</marc:subfield><marc:subfield code="4">trad</marc:subfield></marc:datafield><marc:datafield tag="945" ind1=" " ind2=" "><marc:subfield code="a">L</marc:subfield><marc:subfield code="b">LIVRO</marc:subfield><marc:subfield code="c">01</marc:subfield></marc:datafield></marc:record>